
@article{era_interim, 
author = {Dee, D. P. and Uppala, S. M. and Simmons, A. J. and Berrisford, P. and Poli, P. and Kobayashi, S. and Andrae, U. and Balmaseda, M. A. and Balsamo, G. and Bauer, P. and Bechtold, P. and Beljaars, A. C. M. and van de Berg, L. and Bidlot, J. and Bormann, N. and Delsol, C. and Dragani, R. and Fuentes, M. and Geer, A. J. and Haimberger, L. and Healy, S. B. and Hersbach, H. and Hólm, E. V. and Isaksen, L. and Kållberg, P. and Köhler, M. and Matricardi, M. and McNally, A. P. and Monge-Sanz, B. M. and Morcrette, J.-J. and Park, B.-K. and Peubey, C. and de Rosnay, P. and Tavolato, C. and Thépaut, J.-N. and Vitart, F.},
title = {The ERA-Interim reanalysis: configuration and performance of the data assimilation system},
journal = {Quarterly Journal of the Royal Meteorological Society},
volume = {137},
number = {656},
publisher = {John Wiley & Sons, Ltd.},
issn = {1477-870X},
url = {http://dx.doi.org/10.1002/qj.828},
doi = {10.1002/qj.828},
pages = {553--597},
keywords = {ERA-40, 4D-Var, hydrological cycle, stratospheric circulation, observations, forecast model},
year = {2011},
}

@article{Corradini10, 
    author = {Corradini, S. and Merucci, L. and Prata, A. J. and Piscini, A.},
	title = {Volcanic ash and S0$_2$ in the 2008 Kasatochi eruption: Retrievals comparison from different {IR} satellite sensors},
	journal = {Journal of Geophysical Research}, 
	volume = {115},
	pages = {D00L21},
	year = {2010},
	type = {Journal Article}
}



@article{Draxler12, author = {Draxler, R. R. and Rolph, G. D.},
	title = {Evaluation of the Transfer Coefficient Matrix ({TCM}) approach to model the atmospheric radionuclide air concentrations from {F}ukushima},
	journal = {Journal of Geophysical Research-Atmospheres}, 
	volume = {117},
	pages = {D05107},
	year = {2012},
	type = {Journal Article}
}


@article{Draxler10, author = {Draxler, R. R. and Ginoux, P. and Stein, A. F.},
	title = {An empirically derived emission algorithm for wind-blown dust},
	journal = {Journal of Geophysical Research-Atmospheres}, 
	volume = {115},
	pages = {D16212},
	year = {2010},
	type = {Journal Article}
}




@article{Draxler98, author = {Draxler, R. R. and Hess, G. D.},
	title = {An overview of the {HYYSPLIT}\_4 modeling system for trajectories, dispersion, and deposition.},
	journal = {Australian Meteorological Magazine}, 
	volume = {47},
	pages = {195-308},
	year = {1998},
	type = {Journal Article}
}


@techreport{Draxler97, author = {Draxler, R. R. and Hess, G. D.},
	title = {Description of the {HYSPLIT}\_4 modeling system.},
    Institution={NOAA Air Resources Laboratory, Silver Spring, MD},
    number={arl-224},	
	year = {1997},
    url={http://www.arl.noaa.gov/documnets/reports/arl-224.pdf}
}


@techreport{Dare15, author = {Dare, R. A.},
	title = {Sedimentation of Volcanic ash in the {HYSPLIT} dispersion model},
    number={No. 079},
    Institution={The Centre for Australian Weather and Climate Research},
    url={http://www.cawcr.gov.au/publications/technicalreports/CTR_079.pdf},
	year = {2015},
}






@article{vaneaton12, author = {Van Eaton, A. R. and Herzog, M. and Wilson, C. J. N. and McGregor, J.},
	title = {Ascent dynamics of large phreatomagmatic eruption clouds},
	journal = {Journal of Geophysical Research}, 
	volume = {1117},
	pages = {B032303},
	year = {2012},
	type = {Journal Article}
}

@article{atham, author = {Oberhuber, J.M. and Herzog, M. and Graf H.F.},
	title = {Volcanic Plume Simulations on large scales},
        journal = {Journal of Volcanology and Geothermal Research},
	volume = {87},
	pages = {29-53},
	year = {1998},
	type = {Journal Article}
}

@article{Bonadonna11, author = {Bonadonna, C. and Genco, R. and Gouhier, M. and Pisolesi, M. and Cioni, R. and Alfano, F. and Hoskulldsson, A. and Ripepe, M.},
	title = {Tephra sedimentation during the 2010 {E}yjafjallaj\"{o}kull eruption (Iceland) from deposit, radar, and satellite observations.},
	journal = {Journal of Geophysical Research}, 
	volume = {116},
	pages = {B12202},
	DOI = {10.1029/2011JB008462},
	year = {2011},
	type = {Journal Article}
}

@article{Costa13, author = {Costa, Antonio and Folch, Arnau and Macedonio, Giovanni},
	title = {Density-driven transport in the umbrella region of volcanic clouds: Implications for tephra dispersion models},
	journal = {Geophysical Research Letters}, 
	volume = {40},
	pages = {4823-4827},
	DOI = {10.1002/grl.50942},
	year = {2013},
	type = {Journal Article}
}


@article{DAmours10, author = {D'Amours, R. and Malo, A. and Servranckx, R. and Bensimon, D/. and Trudel, S. and Gauthier-Bilodeau, J.},
	title = {Application of the atmospheric Lagrangian particle dispersion model MLDP0 to the 2008 eruptions of Okmok and Kasatochi volcanoes},
	journal = {Journal of Geophysical Research}, 
	volume = {115},
	pages = {D00L11},
	DOI = {10.1029/2009JD013602},
	year = {2010},
	type = {Journal Article}
}

@article{Devenish13, author = {Devenish, B.J.},
	title = {Using simple plume models to refine the source mass flux of volcanic eruptions according to atmospheric conditions.},
        journal = {Journal of Volcanology and Geothermal Research},
	volume = {256},
	pages = {118-127},
	year = {2013},
	type = {Journal Article}
}

@article{tokyovaac, 
    author = {El\'{i}asson, J. and Yoshitani, J.},
	title = {Airborne Measurements of Volcanic Ash and Current State of Ash Cloud Prediction},
	journal = {Annuals of Disaster Prevention Research Institute, Kyoto University}, 
	volume = {58 B},
	pages = {35-41},
	year = {2015},
	type = {Journal Article},
    url = {http://www.dpri.kyoto-u.ac.jp/publications_en/nenpo_en/},
}

@article{Harvey15, 
    author = {Harvey, N. J. and Dacre, H. F.},
	title = {Spatial evaluation of volcanic ash forecasts using satellite observations},
	journal = {Atmospheric Chemistry and Physics Discuss.}, 
	volume = {15},
	pages = {24727-24749},
	year = {2015},
	type = {Journal Article}
}


@article{Heffter93, author = {Heffter, J. and Stunder, B.},
	title = {Volcanic Ash Forecast Transport and Dispersion (VAFTAD) Model.},
	journal = {Weather Forecasting}, 
	volume = {8},
	pages = {533-541},
	year = {1993},
	type = {Journal Article}
}

@article{Hegarty13, author = {Hegarty, J. and Draxler, R. R. and Stein, A. F. and Brioude, M. and Mountain, J. and Eluszkiewicz, T. and Nehrkorn, T. and Ngan, F. and Andrews, A.},
	title = {Validation of {L}agrangian Particle Dispersion Models with Measurements from Controlled Tracer Releases},
	journal = {J. Appl. Meteor. Climatol.}, 
	volume = {52},
	pages = {2623-2637},
	year = {2013},
	type = {Journal Article}
}

@article{Ngan17, author = {Ngan, F. and Stein, A.},
	title = {A Lont-Term WRF Meteorological Archive for Dispersion Simulations: Application to Controlled Tracer Experiments},
	journal = {J. Appl. Meteor. Climatol.}, 
	volume = {56},
	pages = {2203-2220},
	year = {2017},
	type = {Journal Article}
}

@article{johnson15, 
    author = {Johnson, C. G. and Hogg, A. J. and Herbert, E. H. and Sparks, R. S. J. and Phillips, J. C> and Slim, A. C> and Woodhouse, M. J.},
	title = {Modeling intrusions through quiescent and moving ambients},
	journal = {J. Fluid Mech.}, 
	volume = {771},
	pages = {370-406},
	year = {2015},
	type = {Journal Article}
}

@article{Mastin14, author = {Mastin, L.G.},
	title = {Testing the accuracy of a 1-D volcanic plume model in estimating mass eruption rate},
	journal = {Journal of Geophyysical Research: Atmospheres}, 
	volume = {119},
	pages = {2474-2495},
	year = {2014},
        DOI={10.1002/2013JD020604},
	type = {Journal Article}
}

@article{Mastin14yellowstone, author = {Mastin, L.G. and Van Eaton, A. R. and Lowenstern, J. B.},
	title = {Modeling ash fall distribution from a {Y}ellowstone supereruption},
	journal = {Geochemistry, Geophysics, Geosystems}, 
	volume = {15},
	pages = {2474-2495},
	year = {2014},
        DOI={10.1002/2014GC005469},
	type = {Journal Article}
}


@article{Mastin09,	
   author = {Mastin, L. G. and Guffanti, M. and Servranckx, R. and Webley, P. and Barsotti, S. and Dean, K. and Durant, A. and Ewert, J. W. and Neri, A. and Rose, W. I. and Schneider, D. and Siebert, L. and Stunder, B. and Swanson, G. and Tupper, A. and Volentik, A. and Waythomas, C. F.},
   title = {A multidisciplinary effort to assign realistic source parameters to models of volcanic ash-cloud transport and dispersion during eruptions},
   journal = {Journal of Volcanology and Geothermal Research},
   volume = {186},
   number = {1-2},
   pages = {10-21},
   ISSN = {0377-0273},
   DOI = {10.1016/j.jvolgeores.2009.01.008},
   url = {<Go to ISI>://WOS:000270117100002},
   year = {2009},
   type = {Journal Article}
}
@article{Mastin13,
   author = {Mastin, L. G. and Schwaiger, H. and Schneider, D. J. and Wallace, K. L. and Schaefer, J. and Denlinger, R. P.},
   title = {Injection, transport, and deposition of tephra during event 5 at Redoubt Volcano, 23 March, 2009},
   journal = {Journal of Volcanology and Geothermal Research},
   volume = {259},
   pages = {201-213},
   ISSN = {0377-0273},
   DOI = {10.1016/j.jvolgeores.2012.04.025},
   url = {<Go to ISI>://WOS:000322688500015},
   year = {2013},
   type = {Journal Article}
}


@article{AVO11,
   author = {Neal, C. A. and McGimsey, R.G. and Dixon, J. P. and Cameron, C. E. and Nuzhdaev, A. A. and Chibisova, M.},
   title = {2008 Volcanic Activity in Alaska, Kamchatka, and the Kurile Islands: Summary of Events and Response of the Alaska Volcano Observatory},
   journal = {U.S. Geological Survey Scientific Investigations Report},
   volume = {2010-5243},
   pages = {94},
   url = {pubs.usgs.gov/sir/2010/5243},
   year = {2011},
   type = {Journal Article}
}

@article{Pavolonis15A,
   author = {Pavolonis, M. and Sieglaff, J.   and Cintineo, J.},
   title={Spectrally enhanced cloud Objects: A generalized framework for automated detection of volcanic ash and dust clouds using passive satellite measurements: 1. Multispectral analysis},
   journal = {Journal of Geophysical Research-Atmospheres},
   volume = {120},
   pages = {7813-7841},
   year ={2015},
   type={Journal Article}
}
@article{Pavolonis15B,
   author = {Pavolonis, M. and Sieglaff, J.   and Cintineo, J.},
   title={Spectrally enhanced cloud Objects: A generalized framework for automated detection of volcanic ash and dust clouds using passive satellite measurements: 2. Cloud object analysis and global application},
   journal = {Journal of Geophysical Research-Atmospheres},
   volume = {120},
   pages = {7842-7870},
   year ={2015},
   type={Journal Article}
}



@article{Pavolonis13,
   author = {Pavolonis, M. and Heidinger, A. K. and Sieglaff J.},
   title={Automated retrievals of volcanic ash and dust cloud properties from upwelling infrared measurements.},
   journal = {Journal of Volcanology and Geothermal Research: Atmospheres},
   volume = {118},
   pages = {1436-1458},
   DOI={10.1002/jgrd.50173},
   year ={2013},
   type={Journal Article}
}

@article{Pouget13,
   author = {Pouget, S. and Bursik, M. and Webley, P. and Dehn, J. and Pavolonis, M.},
   title = {Estimation of eruption source parameters from umbrella cloud or downwind plume growth rate},
   journal = {Journal of Volcanology and Geothermal Research},
   volume = {258},
   pages = {100-112},
   DOI = {10.1016/j.jvolgeores.2013.04.002},
   url = {<Go to ISI>://WOS:000320907200008},
   year = {2013},
   type = {Journal Article}
}

@article{Webley09,
   author = {Webley, P. and Mastin, L.},
   title = {Improved prediction and tracking of volcanic ash clouds},
   journal = {Journal of Volcanology and Geothermal Research},
   volume = {186},
   number = {1-2},
   pages = {1-9},
   ISSN = {0377-0273},
   DOI = {10.1016/j.jvolgeores.2008.10.022},
   url = {<Go to ISI>://WOS:000270117100001},
   year = {2009},
   type = {Journal Article}
}


@article{Webley09b,
   author = {Webley, P. and Stunder, B.J.B. and Dean, K.G.},
   title = {Preliminary sensitivity study of eruption source parameters for operational volcanic ash cloud transport and dispersion models- A case study of the  August 1992 eruption of the Crater Peak vent, Mount Spurr, Alaska},
   journal = {Journal of Volcanology and Geothermal Research},
   volume = {186},
   pages = {108-119},
   year = {2009},
   type = {Journal Article}
}

@book{Sparks97,
   author = {Sparks, R. and Bursik, M. and Cary, S. and Gilbert, J. and Glaze, L. and Sigurdsson, H. and Wooods, A.W.},
   title = {Volcanic Plumes},
   publisher = {John Wiley and Sons Ltd.},
   year = {1997},
   type = {book}
}


@article{Bjornsson13,
   author = {Bjornsson, H. and Magnusson, S. and Arason, P. and Petersen, G. N.},
   title = {Velocities in the plume of the 2010 {E}yjafjallaj\"{o}kull eruption},
   journal = {Journal of Geophysical Research-Atmospheres},
   volume = {118},
   number = {20},
   ISSN = {2169-897X},
   DOI = {10.1002/jgrd.50876},
   url = {<Go to ISI>://WOS:000330833600017},
   year = {2013},
   type = {Journal Article}
}


@article{Durant09,
   author = {Durant, A. J. and Rose, W. I. and Sarna-Wojcicki, A. M. and Carey, S. and Volentik, A. C. M.},
   title = {Hydrometeor-enhanced tephra sedimentation: Constraints from the 18 May 1980 eruption of Mount St. Helens},
   journal = {Journal of Geophysical Research-Solid Earth},
   volume = {114},
   ISSN = {2169-9313},
   DOI = {10.1029/2008jb005756},
   url = {<Go to ISI>://WOS:000264232300002},
   year = {2009},
   type = {Journal Article}
}

}

@article{Prejean11,
   author = {Prejean, S. G. and Brodsky, E. E.},
   title = {Volcanic plume height measured by seismic waves based on a mechanical model},
   journal = {Journal of Geophysical Research-Solid Earth},
   volume = {116},
   abstract = {In August 2008 an unmonitored, largely unstudied Aleutian volcano, Kasatochi, erupted catastrophically. Here we use seismic data to infer the height of large eruptive columns such as those of Kasatochi based on a combination of existing fluid and solid mechanical models. In so doing, we propose a connection between a common, observable, short-period seismic wave amplitude to the physics of an eruptive column. To construct a combined model, we estimate the mass ejection rate of material from the vent on the basis of the plume height, assuming that the height is controlled by thermal buoyancy for a continuous plume. Using the estimated mass ejection rate, we then derive the equivalent vertical force on the Earth through a momentum balance. Finally, we calculate the far-field surface waves resulting from the vertical force. The model performs well for recent eruptions of Kasatochi and Augustine volcanoes if v, the velocity of material exiting the vent, is 120-230 m s(-1). The consistency between the seismically inferred and measured plume heights indicates that in these cases the far-field similar to 1 s seismic energy radiated by fluctuating flow in the volcanic jet during the eruption is a useful indicator of overall mass ejection rates. Thus, use of the model holds promise for characterizing eruptions and evaluating ash hazards to aircraft in real time on the basis of far-field short-period seismic data. This study emphasizes the need for better measurements of eruptive plume heights and a more detailed understanding of the full spectrum of seismic energy radiated coeruptively.},
   ISSN = {0148-0227},
   DOI = {10.1029/2010jb007620},
   url = {<Go to ISI>://WOS:000286761600005},
   year = {2011},
   type = {Journal Article}
}

@article{Ripepe13,
   author = {Ripepe, M. and Bonadonna, C. and Folch, A. and Delle Donne, D. and Lacanna, G. and Marchetti, E. and Hoskuldsson, A.},
   title = {Ash-plume dynamics and eruption source parameters by infrasound and thermal imagery: The 2010 {E}yjafjallaj\"{o}kull eruption},
   journal = {Earth and Planetary Science Letters},
   volume = {366},
   pages = {112-121},
   ISSN = {0012-821X},
   DOI = {10.1016/j.epsl.2013.02.005},
   url = {<Go to ISI>://WOS:000319177100011},
   year = {2013},
   type = {Journal Article}
}

@article{Rose09,
   author = {Rose, W. I. and Durant, A. J.},
   title = {Fine ash content of explosive eruptions},
   journal = {Journal of Volcanology and Geothermal Research},
   volume = {186},
   number = {1-2},
   pages = {32-39},
   ISSN = {0377-0273},
   DOI = {10.1016/j.jvolgeores.2009.01.010},
   url = {<Go to ISI>://WOS:000270117100004},
   year = {2009},
   type = {Journal Article}
}

@article{Rose11,
   author = {Rose, W. I. and Durant, A. J.},
   title = {Fate of volcanic ash: Aggregation and fallout},
   journal = {Geology},
   volume = {39},
   number = {9},
   pages = {895-896},
   ISSN = {0091-7613},
   DOI = {10.1130/focus092011.1},
   url = {<Go to ISI>://WOS:000294053300030},
   year = {2011},
   type = {Journal Article}
}


@article{Bitar10,
   author = {Bitar, L. and Duck, T. J. and Kristiansen, N. I. and Stohl, A. and Beauchamp, S.},
   title = {Lidar observations of Kasatochi volcano aerosols in the troposphere and stratosphere},
   journal = {Journal of Geophysical Research-Atmospheres},
   volume = {115},
   ISSN = {2169-897X},
   DOI = {10.1029/2009jd013650},
   url = {<Go to ISI>://WOS:000283546500002},
   year = {2010},
   type = {Journal Article}
}

@article{Bjornsson13,
   author = {Bjornsson, H. and Magnusson, S. and Arason, P. and Petersen, G. N.},
   title = {Velocities in the plume of the 2010 {E}yjafjallaj\"{o}kull eruption},
   journal = {Journal of Geophysical Research-Atmospheres},
   volume = {118},
   number = {20},
   ISSN = {2169-897X},
   DOI = {10.1002/jgrd.50876},
   url = {<Go to ISI>://WOS:000330833600017},
   year = {2013},
   type = {Journal Article}
}

@article{Bursik01,
   author = {Bursik, M.},
   title = {Effect of wind on the rise height of volcanic plumes},
   journal = {Geophysical Research Letters},
   volume = {28},
   number = {18},
   pages = {3621-3624},
   abstract = {A theoretical model of a volcanic plume, based on applying the equations of motion in a plume-centered coordinate system, suggests that the interaction between a volcanic plume and wind causes enhanced entrainment of air and horizontal momentum, plume bending, and a decrease in plume rise height at constant eruption rate. Because of rapid dilution in the high windspeeds of the polar jet, plumes that vary over more than one order of magnitude in mass eruption rate (10(6) to 10(7) - 10(8) kg/s), if injected into the polar jet, may all attain rise heights only slightly different from that of the core of the jet, similar to 10 km, as opposed to 17 - 33 km in a still atmosphere.},
   ISSN = {0094-8276},
   DOI = {10.1029/2001gl013393},
   url = {<Go to ISI>://WOS:000171035000051},
   year = {2001},
   type = {Journal Article}
}

@article{Bursik12,
   author = {Bursik, M. and Jones, M. and Carn, S. and Dean, K. and Patra, A. and Pavolonis, M. and Pitman, E. B. and Singh, T. and Singla, P. and Webley, P. and Bjornsson, H. and Ripepe, M.},
   title = {Estimation and propagation of volcanic source parameter uncertainty in an ash transport and dispersal model: application to the {E}yjafjallaj\"{o}kull plume of 14-16 April 2010},
   journal = {Bulletin of Volcanology},
   volume = {74},
   number = {10},
   pages = {2321-2338},
   ISSN = {0258-8900},
   DOI = {10.1007/s00445-012-0665-2},
   url = {<Go to ISI>://WOS:000312060000008},
   year = {2012},
   type = {Journal Article}
}

@article{Dabrowa11,
   author = {Dabrowa, A. L. and Green, D. N. and Rust, A. C. and Phillips, J. C.},
   title = {A global study of volcanic infrasound characteristics and the potential for long-range monitoring},
   journal = {Earth and Planetary Science Letters},
   volume = {310},
   number = {3-4},
   pages = {369-379},
   ISSN = {0012-821X},
   DOI = {10.1016/j.epsl.2011.08.027},
   url = {<Go to ISI>://WOS:000298273500022},
   year = {2011},
   type = {Journal Article}
}

@article{Degruyter12,
   author = {Degruyter, W. and Bonadonna, C.},
   title = {Improving on mass flow rate estimates of volcanic eruptions},
   journal = {Geophysical Research Letters},
   volume = {39},
   ISSN = {0094-8276},
   DOI = {10.1029/2012gl052566},
   url = {<Go to ISI>://WOS:000308308800002},
   year = {2012},
   type = {Journal Article}
}

@article{Degruyter13,
   author = {Degruyter, W. and Bonadonna, C.},
   title = {Impact of wind on the condition for column collapse of volcanic plumes},
   journal = {Earth and Planetary Science Letters},
   volume = {377},
   pages = {218-226},
   ISSN = {0012-821X},
   DOI = {10.1016/j.eps1.2013.06.041},
   url = {<Go to ISI>://WOS:000325192100021},
   year = {2013},
   type = {Journal Article}
}

@article{Durant09,
   author = {Durant, A. J. and Rose, W. I. and Sarna-Wojcicki, A. M. and Carey, S. and Volentik, A. C. M.},
   title = {Hydrometeor-enhanced tephra sedimentation: Constraints from the 18 May 1980 eruption of Mount St. Helens},
   journal = {Journal of Geophysical Research-Solid Earth},
   volume = {114},
   ISSN = {2169-9313},
   DOI = {10.1029/2008jb005756},
   url = {<Go to ISI>://WOS:000264232300002},
   year = {2009},
   type = {Journal Article}
}

@article{Folch12,
   author = {Folch, A.},
   title = {A review of tephra transport and dispersal models: Evolution, current status, and future perspectives},
   journal = {Journal of Volcanology and Geothermal Research},
   volume = {235},
   pages = {96-115},
   ISSN = {0377-0273},
   DOI = {10.1016/j.jvolgeores.2012.05.020},
   url = {<Go to ISI>://WOS:000307138300009},
   year = {2012},
   type = {Journal Article}
}

@article{Kaminski11,
   author = {Kaminski, E. and Tait, S. and Ferrucci, F. and Martet, M. and Hirn, B. and Husson, P.},
   title = {Estimation of ash injection in the atmosphere by basaltic volcanic plumes: The case of the {E}yjafjallaj\"{o}kull 2010 eruption},
   journal = {Journal of Geophysical Research-Solid Earth},
   volume = {116},
   ISSN = {0148-0227},
   DOI = {10.1029/2011jb008297},
   url = {<Go to ISI>://WOS:000300879300003},
   year = {2011},
   type = {Journal Article}
}


@article{Kristiansen10,
   author = {Kristiansen, N. I. and Stohl, A. and Prata, A. J. and Richter, A. and Eckhardt, S. and Seibert, P. and
             Hoffmann, A. and Ritter, C. and Bitar, L. and Duck, T. J. and Stebel, K.},
   title = {Remote sensing and inverse transport modeling of the Kasatochi eruption sulfur dioxide cloud},
   journal = {Journal of Geophysical Research},
   volume = {115},
   DOI = {10.1029/2009jd013286},
   year = {2010},
   type = {Journal Article}
}



@article{Kristiansen12,
   author = {Kristiansen, N. I. and Stohl, A. and Prata, A. J. and Bukowiecki, N. and Dacre, H. and Eckhardt, S. and Henne, S. and Hort, M. C. and Johnson, B. T. and Marenco, F. and Neininger, B. and Reitebuch, O. and Seibert, P. and Thomson, D. J. and Webster, H. N. and Weinzierl, B.},
   title = {Performance assessment of a volcanic ash transport model mini-ensemble used for inverse modeling of the 2010 {E}yjafjallaj\"{o}kull eruption},
   journal = {Journal of Geophysical Research-Atmospheres},
   volume = {117},
   ISSN = {2169-897X},
   DOI = {10.1029/2011jd016844},
   url = {<Go to ISI>://WOS:000299961100004},
   year = {2012},
   type = {Journal Article}
}


@article{Leadbetter11,
   author = {Leadbetter, S.J. and Hort, M.C.},
   title = {Volcanic ash hazard climatology for an eruption of Hekla Volcano, Iceland.},
   journal = {Journal of Volcanology and Geothermal Research},
   volume = {199},
   pages = {230-241},
   year = {2011},
   type = {Journal Article}
}


@article{Mastin07,
   author = {Mastin, L. G.},
   title = {A user-friendly one-dimensional model for wet volcanic plumes},
   journal = {Geochemistry Geophysics Geosystems},
   volume = {8},
   ISSN = {1525-2027},
   DOI = {10.1029/2006gc001455},
   url = {<Go to ISI>://WOS:000245185000002},
   year = {2007},
   type = {Journal Article}
}

@article{Miller14,
   author = {Miller, S. D. and Weeks, C. E. and Bullock, R. G. and Forsythe, J. M. and Kcuera, P. A. and
             Brown, B. G. and Wolff, C. A. and Partain, P. T. and Johnes, A. S. and Johnson, D. B.},
   title ={Model-Evaluation Tools for Three-Dimensional Cloud Verification via Spaceborne Active Sensors},
   journal = {Journal of Applied Meteorology and Climatology},
   volume = {53},
   pages={2181-2195},
   year = {2014},
   type = {Journal Article}
}

@article{moxnes14,
   author = {Moxnes, E. D. and Kristiansen, N. I. and Stohl, A. and Clarisse, L. and Durant, A. and Weber, K. and Vogel, A.},
   title = {Separation of ash and sulfur dioxide during the 2011 {G}rimsv\"{o}tn eruption.},
   journal = {Journal of Geophysical Research-Atmospheres},
   volume = {119},
   ISSN = {7477-7501},
   DOI = {10.1002/2013JD021129},
   year = {2014},
   type = {Journal Article}
}


@article{Petersen12,
   author = {Petersen, G. N. and Bjornsson, H. and Arason, P.},
   title = {The impact of the atmosphere on the {E}yjafjallaj\"{o}kull 2010 eruption plume},
   journal = {Journal of Geophysical Research-Atmospheres},
   volume = {117},
   ISSN = {2169-897X},
   DOI = {10.1029/2011jd016762},
   url = {<Go to ISI>://WOS:000298929900002},
   year = {2012},
   type = {Journal Article}
}

@article{Prata12,
   author = {Prata, A. J. and Prata, A. T.},
   title = {{E}yjafjallaj\"{o}kull volcanic ash concentrations determined using Spin Enhanced Visible and Infrared Imager measurements},
   journal = {Journal of Geophysical Research-Atmospheres},
   volume = {117},
   pages={D00U23},
   year = {2012},
   type = {Journal Article}
}


@article{ATprata15,
   author = {Prata, A. T. and Siems, S. T. and Manton, M. J.},
   title = {Quantification of volcanic cloud top heights and thicknesses using {A}-train observations for the 2008 {C}hait\'{e}n eruption},
   journal = {Journal of Geophysical Research-Atmospheres},
   volume = {120},
   ISSN = {2928-2950},
   DOI = {10.1002/2014JD022399},
   year = {2015},
   type = {Journal Article}
}

@article{Roberts07,
   author = {Roberts, N. M. and Lean, H. W.},
   title = {Scale-Selective Verification of Rainfall Accumulations from High-Resolution Forecasts of Convective Events},
   journal = {Monthly Weather Review},
   volume = {136},
   ISSN = {78},
   DOI = {10.1175/2007MWR2123.1},
   year = {2007},
   type = {Journal Article}
}

@article{Rolph09,
   author = {Rolph, G. D. and Draxler, R. R. and Stein, A. f. and Taylor, A. and Ruminski, M. G. and kondragunta, S. and Zeng, J. and Huang, H. and Manikin, G. and McQueen, J. T. and Davidson, P. M. },
   title = {Description and Verification of the {NOAA} Smoke Forecasting System: The 2007 Fire Season},
   journal = {Weather and Forecasting},
   volume = {24},
   pages={361-378},
   year = {2009},
   type = {Journal Article}
}

@article{Spinetti13,
   author = {Spinetti, C. and Barsotti, S. and Neri, A. and Buongiorno, M. F. and Doumaz, F. and Nannipieri, L.},
   title = {Investigation of the complex dynamics and structure of the 2010 {E}yjafjallaj\"{o}kull volcanic ash cloud using multispectral images and numerical simulations},
   journal = {Journal of Geophysical Research-Atmospheres},
   volume = {118},
   number = {10},
   pages = {4729-4747},
   ISSN = {2169-897X},
   DOI = {10.1002/jgrd.50328},
   url = {<Go to ISI>://WOS:000325272000058},
   year = {2013},
   type = {Journal Article}
}


@article{Stein11,
   author = {Stein, A. F. and Wang, Y. and de la Rosa, J. D. and Sanches de la Campa, A. M. and castell, N. and Draxler, R. R.},
   title = {Modeling PM10 Originating from Dust Intrusions in the {S}outhern {I}berian {P}eninsula using {HYSPLIT}},
   journal = {Wea. Forecasting},
   volume = {26},
   number = {},
   pages = {236-242},
   DOI = {10.1175/WAF-D-10-05044.1},
   year = {2011},
   type = {Journal Article}
}

@article{Stein09,
   author = {Stein, A. F.  and Rolph, G. D. and Draxler, R. R. and Stunder, B. and Ruminski, M.},
   title = {Verification of the {NOAA} Smoke Forecasting System: Model Sensitivity to the Injection Height},
   journal = {Wea. Forecasting},
   volume = {24},
   pages = {379-394},
   year = {2009},
   type = {Journal Article}
}




@article{Stohl11,
   author = {Stohl, A. and Prata, A. J. and Eckhardt, S. and Clarisse, L. and Durant, A. and Henne, S. and Kristiansen, N.I. and Minikin, A. and Schumann, U. and Seibert, P. and Stebel, K. and Thomas, H.E. and Thorsteinsson, T. and T{\o}rseth, K. and Weinzier, B.},
   title = {Determination of time- and height resolved volcanic ash emissions and their use for quantitative ash dispersion modeling: the 2010 {E}yjafjallaj{\"o}kull eruption},
   journal = {Atmospheric Chemistry and Physics},
   volume = {11},
   number = {10},
   pages = {4333-4351},
   DOI = {10.5149/acp-11-4333-2011},
   year = {2011},
   type = {Journal Article}
}

@article{Stunder07,
   author = {Stunder, B.J. and Heffter, J. L. and Draxler R. R.},
   title = {Airborne Volcanic Ash Forecast Area Reliability},
   journal = {Weather and Forecasting},
   volume = {22},
   pages = {1132},
   year = {2007},
   DOI = {10.1175/WAF1042.1},
   type = {Journal Article}
}



@article{Thorsteinsson12,
   author={Thorsteinsson, T. and J{\o}Hannsson, T. and Stohl, A. and Kristiansen, N.},
   title = {High levels of particulate matter in Iceland due to direct ash emissions by the {E}yjafjallaj\"{o}kull eruption and resuspension of deposited ash},
   journal = {Journal of Volcanology and Geothermal Research},
   volume = {186},
   number = {1-2},
   pages = {22-31},
   ISSN = {0377-0273},
   DOI = {10.1016/j.jvolgeores.2009.02.015},
   url = {<Go to ISI>://WOS:000270117100003},
   year = {2009},
   type = {Journal Article}
}




@article{Tupper09,
   author = {Tupper, A. and Wunderman, R.},
   title = {Reducing discrepancies in ground and satellite-observed eruption heights},
   journal = {Journal of Volcanology and Geothermal Research},
   volume = {186},
   number = {1-2},
   pages = {22-31},
   ISSN = {0377-0273},
   DOI = {10.1016/j.jvolgeores.2009.02.015},
   url = {<Go to ISI>://WOS:000270117100003},
   year = {2009},
   type = {Journal Article}
}


@article{vernier13,
   author = {Vernier, J. P. and Fairlie, T. D. and Murray, J. J. and Tupper, A. and Trepte, C. and Winker, D. and Pelon, J. and Garnier, A. and
Jumelet, J. and Pavolonis, M. and Omar, A.H. and Powell, K. A.},
   title = {An Advanced system to monitor the 3D structure of diffuse volcanic ash clouds},
   journal = {Journal of Applied Meteorology and Climatology},
   volume = {52},
   pages = {2125-2138},
   DOI = {10.11175/JAMC-D-12-0279.1},
   year = {2013},
   type = {Journal Article}
}


@article{Waythomas10,
   author = {Waythomas, C. F. and Scott, W. E. and Prejean, S. G. and Schneider, D. J. and Izbekov, P. and Nye, C. J.},
   title = {The 7-8 August 2008 eruption of {K}asatochi {V}olcano, {C}entral {A}leutian {I}slands, {A}laska},
   journal = {Journal of Geophysical Research},
   volume = {115},
   pages = {B00B06},
   DOI = {10.1029/2010JB007437},
   year = {2010},
   type = {Journal Article}
}

@article{Webster12,
   author = {Webster, H. N. and Thomson, D. J. and Johnson, B. T. and Heard, I. P. C. and Turnbull, K. and Marenco, F. and Kristiansen, N. I. and Dorsey, J. and Minikin, A. and Weinzierl, B. and Schumann, U. and Sparks, R. S. J. and Loughlin, S. C. and Hort, M. C. and Leadbetter, S. J. and Devenish, B. J. and Manning, A. J. and Witham, C. S. and Haywood, J. M. and Golding, B. W.},
   title = {Operational prediction of ash concentrations in the distal volcanic cloud from the 2010 {E}yjafjallaj\"{o}kull eruption},
   journal = {Journal of Geophysical Research-Atmospheres},
   volume = {117},
   ISSN = {2169-897X},
   DOI = {10.1029/2011jd016790},
   url = {<Go to ISI>://WOS:000299702900006},
   year = {2012},
   type = {Journal Article}
}

@article{Winker12,
   author = {Winker, D. M. and Liu, Z. and Omar, A. and Tackett, J. and Fairlie, D.},
   title = {{CALIOP} observations of the transport of ash from the  {E}yjafjallaj\"{o}kull volcano in April 2010},
   journal = {Journal of Geophysical Research},
   volume = {117},
   pages = {D00U15},
   DOI = {10.1029/2011JD016499},
   year={2012},
   type = {Journal Article}
}
  
   

@article{Witham12,
   author = {Witham, C. and Webster, H. and Hort, M. and Jones, A. and Thomson, D.},
   title = {Modelling concentrations of volcanic ash encountered by aircraft in past eruptions},
   journal = {Atmospheric Environment},
   volume = {48},
   pages = {219-229},
   ISSN = {1352-2310},
   DOI = {10.1016/j.atmosenv.2011.06.073},
   url = {<Go to ISI>://WOS:000301012900021},
   year = {2012},
   type = {Journal Article}
}

@article{Woodhouse13,
   author = {Woodhouse, M. J. and Hogg, A. J. and Phillips, J. C. and Sparks, R. S. J.},
   title = {Interaction between volcanic plumes and wind during the 2010 {E}yjafjallaj\"{o}kull eruption, Iceland},
   journal = {Journal of Geophysical Research-Solid Earth},
   volume = {118},
   number = {1},
   pages = {92-109},
   ISSN = {0148-0227},
   DOI = {10.1029/2012jb009592},
   url = {<Go to ISI>://WOS:000317849200008},
   year = {2013},
   type = {Journal Article}
}

@article{Woods93,
   author = {Woods, A. W.},
   title = {MOIST CONVECTION AND THE INJECTION OF VOLCANIC ASH INTO THE ATMOSPHERE},
   journal = {Journal of Geophysical Research-Solid Earth},
   volume = {98},
   number = {B10},
   pages = {17627-17636},
   ISSN = {0148-0227},
   DOI = {10.1029/93jb00718},
   url = {<Go to ISI>://WOS:A1993MC43900001},
   year = {1993},
   type = {Journal Article}
}

@article{Wolff14,
   author = {Wolff, J. K.  and Harrold, M. and Fowler, T. and Gotway J. H. and Nance, L. and Brown, B. G.},
   title = {Beyond the Basics: Evaluating Model-Based Precipitation Forecasts Using Traditional, Spatial and Object-Based Methods},
   journal = {Weather and Forecasting},
   volume = {29},
   pages = {1451-1472},
   year = {2014},
   type = {Journal Article}
}

@techreport{wmo_sat_report,
   title={Meeting on the Intercomparison of Satellite-based Volcanic Ash Retrieval Algorithms},
   author={},
   institution={World Meteorological Organization: Commsion for Basic systems: open programme area group on integrated observing systems
                inter-programme expert team on satellite utilization and products: {SCOPE}-Nowcasting Pilot Projct 2: Globally Consistent volcan                 ic ash products},
   year={2015}, 
   month = {06}
}


@techreport{report,
   title={Report on preliminary quantitative dispersion model output},
   author={Crawford, A. and Stunder, B.},
   institution={Volcanic Ash Product Development Team, ARL, OAR},
   year={2014}, 
   month = {09}
}

@techreport{model_definition_document,
   title={Model Definition Document},
   author={Ash Dispersal Forecast and Civil Aviation Workshop},
   year={2010}, 
   month = {10},
   Date-Added={2010-10-18},
   institution={Geneva, Switzerland}
}

@misc{pavolonis_site,
      title={{NOAA/CIMSS} {V}olcanic {C}loud {M}onitoring {W}eb {P}ortal},
      author={http://volcano.ssec.wisc.edu},
}        

   
